<record><leader>00000cas a22000007a 4500</leader><controlfield tag="001">23174099</controlfield><controlfield tag="008">910301d19301952couwr ne      0    0eng d</controlfield><datafield ind1=" " ind2=" " tag="010"><subfield code="a">sn 91052249 </subfield></datafield><datafield ind1=" " ind2=" " tag="040"><subfield code="a">CNQ</subfield><subfield code="b">eng</subfield><subfield code="c">CNQ</subfield><subfield code="d">OCLCQ</subfield></datafield><datafield ind1=" " ind2=" " tag="042"><subfield code="a">msc</subfield></datafield><datafield ind1="0" ind2="4" tag="245"><subfield code="a">The Durango news.</subfield></datafield><datafield ind1=" " ind2=" " tag="260"><subfield code="a">Durango, Colo. :</subfield><subfield code="b">Durango News, Inc.</subfield></datafield><datafield ind1=" " ind2=" " tag="300"><subfield code="a">v.</subfield></datafield><datafield ind1=" " ind2=" " tag="310"><subfield code="a">Weekly</subfield></datafield><datafield ind1="1" ind2=" " tag="362"><subfield code="a">Began in 1930; ceased in 1952.</subfield></datafield><datafield ind1=" " ind2=" " tag="588"><subfield code="a">Description based on: Vol. 1, no. 10 (July 4, 1930).</subfield></datafield><datafield ind1=" " ind2=" " tag="752"><subfield code="a">United States</subfield><subfield code="b">Colorado</subfield><subfield code="c">La Plata</subfield><subfield code="d">Durango.</subfield></datafield><datafield ind1="0" ind2="7" tag="785"><subfield code="t">Durango herald-democrat</subfield><subfield code="w">(DLC)sn 90051400</subfield></datafield><datafield ind1="0" ind2="7" tag="785"><subfield code="t">Durango herald-news</subfield><subfield code="w">(DLC)sn 91052250</subfield></datafield></record>